<record><leader>00000cas a2200000 a 4500</leader><controlfield tag="001">18167915</controlfield><controlfield tag="008">880701d18921893waudr ne      0    0eng d</controlfield><datafield ind1=" " ind2=" " tag="010"><subfield code="a">sn 88085728 </subfield></datafield><datafield ind1=" " ind2=" " tag="040"><subfield code="a">SLZ</subfield><subfield code="b">eng</subfield><subfield code="c">SLZ</subfield><subfield code="d">OCL</subfield><subfield code="d">OCLCQ</subfield><subfield code="d">OCLCF</subfield><subfield code="d">OCLCO</subfield></datafield><datafield ind1=" " ind2=" " tag="042"><subfield code="a">msc</subfield></datafield><datafield ind1=" " ind2=" " tag="043"><subfield code="a">n-us-wa</subfield></datafield><datafield ind1="0" ind2=" " tag="130"><subfield code="a">Times (New Whatcom, Wash.)</subfield></datafield><datafield ind1="1" ind2="4" tag="245"><subfield code="a">The times.</subfield></datafield><datafield ind1=" " ind2=" " tag="260"><subfield code="a">New Whatcom, Wash. :</subfield><subfield code="b">Times Pub. Co.</subfield></datafield><datafield ind1=" " ind2=" " tag="300"><subfield code="a">v.</subfield></datafield><datafield ind1=" " ind2=" " tag="310"><subfield code="a">Daily</subfield></datafield><datafield ind1="0" ind2=" " tag="362"><subfield code="a">Vol. 2, no. 48 (Feb. 20, 1893)-v. 2, no. 49 (Feb. 28, 1893).</subfield></datafield><datafield ind1=" " ind2="0" tag="651"><subfield code="a">New Whatcom (Wash.)</subfield><subfield code="v">Newspapers.</subfield></datafield><datafield ind1=" " ind2="0" tag="651"><subfield code="a">Bellingham (Wash.)</subfield><subfield code="v">Newspapers.</subfield></datafield><datafield ind1=" " ind2="7" tag="655"><subfield code="a">Newspapers.</subfield><subfield code="2">fast</subfield><subfield code="0">(OCoLC)fst01423814</subfield></datafield><datafield ind1=" " ind2="7" tag="651"><subfield code="a">Washington (State)</subfield><subfield code="z">Bellingham.</subfield><subfield code="2">fast</subfield><subfield code="0">(OCoLC)fst01204684</subfield></datafield><datafield ind1=" " ind2="7" tag="651"><subfield code="a">Washington (State)</subfield><subfield code="z">New Whatcom.</subfield><subfield code="2">fast</subfield><subfield code="0">(OCoLC)fst01278269</subfield></datafield><datafield ind1=" " ind2=" " tag="752"><subfield code="a">United States</subfield><subfield code="b">Washington</subfield><subfield code="c">Whatcom</subfield><subfield code="d">New Whatcom.</subfield></datafield><datafield ind1=" " ind2=" " tag="752"><subfield code="a">United States</subfield><subfield code="b">Washington</subfield><subfield code="c">Whatcom</subfield><subfield code="d">Bellingham.</subfield></datafield><datafield ind1="0" ind2="0" tag="780"><subfield code="t">Independent (New Whatcom, Wash.)</subfield><subfield code="w">(DLC)sn 88085436</subfield></datafield><datafield ind1="0" ind2="7" tag="785"><subfield code="t">Daily times (New Whatcom, Wash.)</subfield><subfield code="w">(DLC)sn 88085729</subfield></datafield></record>